@preamble{ "\newcommand{\noopsort}[1]{} "
	# "\newcommand{\printfirst}[2]{#1} "
	# "\newcommand{\singleletter}[1]{#1} "
	# "\newcommand{\switchargs}[2]{#2#1} " }

@misc{owasp_top_ten_vulns,
  title = {OWASP Top 10 Vulnerabilities},
  note  = {\url{https://snyk.io/learn/owasp-top-10-vulnerabilities/}}
}

@misc{top_ten_rewarded_vulns,
  title = {Top 10 most impactful and rewarded vulnerability types},
  note  = {\url{https://snyk.io/learn/owasp-top-10-vulnerabilities/}}
}

@misc{xss_owasp_intro,
  title  = {Introduction to Cross Site Scripting},
  author = {KirstenS},
  note   = {\url{https://owasp.org/www-community/attacks/xss/}}
}

@book{lotr_fellowship,
  author = {J. R. R. Tolkien},
  title  = {The Lord of The Rings, The Fellowship of the Ring},
  year   = {1954}
}

@misc{reflected_xss,
  title = {Reflected cross site scripting (XSS) attacks},
  note  = {\url{https://www.imperva.com/learn/application-security/reflected-xss-attacks/#:~:text=Reflected%20XSS%20attacks%2C%20also%20known,enables%20execution%20of%20malicious%20scripts.}}
}

@misc{xss_owasp_types,
  title = {Types of Cross site scriping},
  note  = {\url{https://owasp.org/www-community/Types_of_Cross-Site_Scripting}}
}

@misc{cypress_xss_consequences,
  title = {The Impact of Cross-Site Scripting Vulnerabilities and their Prevention},
  note  = {\url{https://www.cypressdatadefense.com/blog/cross-site-scripting-vulnerability/#:~:text=Cross-site%20scripting%20(XSS),information%20(PII)%2C%20social%20security&text=Cross-site%20scripting%20(XSS),information%20(PII)%2C%20social%20security}}
}

@misc{safe_types,
  title = {The Security Reviewer's Guide to safe HTML APIs and Strict Templating},
  note  = {\url{https://github.com/google/safe-html-types/blob/master/doc/security_reviewers_guide_safehtml.md}}
}

@misc{trusted_types_into,
  title = {Prevent DOM-based cross-site scripting vulnerabilities with Trusted Types},
  note  = {\url{https://web.dev/trusted-types/}}
}

@misc{xss_game_1,
  title = {XSS game 1},
  note  = {\url{https://xss-game.appspot.com/}}
}

@misc{xss_game_2,
  title = {XSS game 2},
  note  = {\url{https://alf.nu/alert1}}
}

@misc{xss_game_3,
  title = {XSS game 3},
  note  = {\url{http://prompt.ml/0}}
}

@misc{xss_game_4,
  title = {XSS game 4},
  note  = {\url{https://xss-quiz.int21h.jp/}}
}

@misc{xss_attack_cheatsheet,
  title = {XSS Filter Evasion Cheat Sheet},
  note  = {\url{https://owasp.org/www-community/xss-filter-evasion-cheatsheet}}
}

@misc{tt_compatibility,
  title = {Trusted Types browser compatibility},
  note  = {\url{https://developer.mozilla.org/en-US/docs/Web/HTTP/Headers/Content-Security-Policy/trusted-types#browser_compatibility}}
}

@misc{tt_spec,
  title = {Trusted Types specification},
  note  = {\url{https://w3c.github.io/webappsec-trusted-types/dist/spec/#webidl-integration}}
}

@misc{tt_intro_csp_violation,
  title = {Trusted Types introduction - CSP violation section},
  note  = {\url{https://web.dev/trusted-types/#prepare-for-content-security-policy-violation-reports}}
}

@misc{react_tt_integration,
  title = {React integration},
  note  = {\url{https://github.com/facebook/react/pull/16157}}
}

@misc{polymer_tt_integration,
  title = {Polymer integration},
  note  = {\url{https://github.com/lit/lit/commit/2a719e6746fc0b28a714454be051808d7bf3f31d}}
}

@misc{angular_tt_integration,
  title = {Angular integration},
  note  = {\url{https://github.com/angular/angular/search?&q=trusted+types&type=commits}}
}

@misc{webpack_tt_integration,
  title = {Webpack integration},
  note  = {\url{https://github.com/webpack/webpack/pull/9861}}
}

@misc{esbuild_web,
  title = {Esbuild webpage},
  note  = {\url{https://esbuild.github.io/}}
}

@misc{esbuild_fast,
  title = {Why is esbuild fast?},
  note  = {\url{https://esbuild.github.io/faq/#why-is-esbuild-fast}}
}

@misc{snowpack_web,
  title = {Snowpack webpage},
  note  = {\url{https://www.snowpack.dev/}}
}

@misc{vite_web,
  title = {Vite webpage},
  note  = {\url{https://vitejs.dev/}}
}

@misc{wmr_web,
  title = {Preact WMR github},
  note  = {\url{https://github.com/preactjs/wmr}}
}

@misc{nextjs_web,
  title = {Preact WMR github},
  note  = {\url{https://nextjs.org/}}
}

@misc{cra_web,
  title = {Create react app},
  note  = {\url{https://github.com/facebook/create-react-app}}
}

@misc{new_gen_build_tools,
  title = {Comparing the New Generation of Build Tools},
  note  = {\url{https://css-tricks.com/comparing-the-new-generation-of-build-tools/}}
}

@misc{tt_webpack_integration_minification,
  title = {Comment about code minification for Webpack integration},
  note  = {\url{https://github.com/webpack/webpack/pull/9856#issuecomment-827612010}}
}

@misc{snowpack_violation,
  title = {Snowpack error overlay violation},
  note  = {\url{https://github.com/snowpackjs/snowpack/blob/fc6c1417a09ac85e02730033660391d299a5fd97/snowpack/assets/hmr-error-overlay.js#L891}}
}

@misc{vite_violation,
  title = {Vite CSS violation},
  note  = {\url{https://github.com/vitejs/vite/blob/c61b3e4e413a7f182b9c40bd5ff2c688e50e107f/packages/vite/src/client/client.ts#L229}}
}

@misc{tt_source_file_violation_issue,
  title = {Access the source/file that is using the 'default' policy},
  note  = {\url{https://github.com/w3c/webappsec-trusted-types/issues/295}}
}

@misc{cross_document_vectors,
  title = {Cross document vectors},
  note  = {\url{https://w3c.github.io/webappsec-trusted-types/dist/spec/#cross-document-vectors}}
}

@misc{tt_fn_constructor,
  title = {Trusted Types for function constructor},
  note  = {\url{https://github.com/w3c/webappsec-trusted-types/wiki/Trusted-Types-for-function-constructor}}
}
